<record><leader>00000cas a2200000 a 4500</leader><controlfield tag="001">9709578</controlfield><controlfield tag="008">830716d186119uuohuwr ne      0    0eng c</controlfield><datafield ind1=" " ind2=" " tag="010"><subfield code="a">sn 83035350 </subfield></datafield><datafield ind1=" " ind2=" " tag="040"><subfield code="a">NPY</subfield><subfield code="b">eng</subfield><subfield code="c">NPY</subfield><subfield code="d">NPX</subfield><subfield code="d">DLC</subfield><subfield code="d">NPU</subfield><subfield code="d">TGN</subfield><subfield code="d">NVF</subfield><subfield code="d">CRL</subfield><subfield code="d">OCLCQ</subfield><subfield code="d">OCLCF</subfield><subfield code="d">OCLCO</subfield></datafield><datafield ind1="1" ind2=" " tag="029"><subfield code="a">AU@</subfield><subfield code="b">000020375133</subfield></datafield><datafield ind1=" " ind2=" " tag="042"><subfield code="a">pcc</subfield></datafield><datafield ind1=" " ind2=" " tag="043"><subfield code="a">n-us-oh</subfield></datafield><datafield ind1="0" ind2=" " tag="130"><subfield code="a">Hamilton telegraph (Hamilton, Ohio : 1861)</subfield></datafield><datafield ind1="1" ind2="0" tag="245"><subfield code="a">Hamilton telegraph.</subfield></datafield><datafield ind1="1" ind2=" " tag="246"><subfield code="i">Published on Nov. 28, 1861-&lt;Dec. 26, 1861&gt; as:</subfield><subfield code="a">Weekly Hamilton telegraph</subfield></datafield><datafield ind1=" " ind2=" " tag="260"><subfield code="a">Hamilton, Ohio :</subfield><subfield code="b">J. McElwee &amp; J.P.P. Peck,</subfield><subfield code="c">1861-</subfield></datafield><datafield ind1=" " ind2=" " tag="300"><subfield code="a">v.</subfield></datafield><datafield ind1=" " ind2=" " tag="310"><subfield code="a">Weekly</subfield></datafield><datafield ind1="0" ind2=" " tag="362"><subfield code="a">New ser., v. 34, no. 33 (June 13, 1861)-</subfield></datafield><datafield ind1=" " ind2=" " tag="500"><subfield code="a">Publishers: Scobey &amp; Egry, &lt;1868&gt;-1869; Frederick Egry, 1869-&lt;1876&gt;.</subfield></datafield><datafield ind1=" " ind2=" " tag="530"><subfield code="a">Also issued on microfilm from UMI.</subfield></datafield><datafield ind1=" " ind2="0" tag="651"><subfield code="a">Hamilton (Ohio)</subfield><subfield code="v">Newspapers.</subfield></datafield><datafield ind1=" " ind2="0" tag="651"><subfield code="a">Butler County (Ohio)</subfield><subfield code="v">Newspapers.</subfield></datafield><datafield ind1=" " ind2="7" tag="655"><subfield code="a">Newspapers.</subfield><subfield code="2">fast</subfield><subfield code="0">(OCoLC)fst01423814</subfield></datafield><datafield ind1=" " ind2="7" tag="651"><subfield code="a">Ohio</subfield><subfield code="z">Butler County.</subfield><subfield code="2">fast</subfield><subfield code="0">(OCoLC)fst01207486</subfield></datafield><datafield ind1=" " ind2="7" tag="651"><subfield code="a">Ohio</subfield><subfield code="z">Hamilton.</subfield><subfield code="2">fast</subfield><subfield code="0">(OCoLC)fst01202779</subfield></datafield><datafield ind1=" " ind2=" " tag="752"><subfield code="a">United States</subfield><subfield code="b">Ohio</subfield><subfield code="c">Butler</subfield><subfield code="d">Hamilton.</subfield></datafield><datafield ind1="0" ind2="0" tag="780"><subfield code="t">Weekly Hamilton telegraph</subfield><subfield code="w">(DLC)sn 83035349</subfield></datafield><datafield ind1="0" ind2="5" tag="780"><subfield code="t">Hamilton intelligencer (Hamilton, Ohio : 1840)</subfield><subfield code="g">1861</subfield><subfield code="w">(DLC)sn 83035343</subfield></datafield></record>